@misc{bibEntry,
    author={TBD},
    title={TBD},
    date={2020-02-02},
}
